
@book{harrison_spread_2016,
	title = {Spread spectrum method and apparatus},
	url = {https://www.google.com/patents/US9479216},
	publisher = {Google Patents},
	author = {Harrison, S. and Driessen, P.F.},
	date = {2016-10}
}

@online{_situational_????,
	title = {Situational Awareness Platform {\textbar} Simulyze},
	url = {http://www.simulyze.com},
	abstract = {Simulyzeâ€™s situational awareness platform analyzes and helps visualize complex events in real-time, enabling faster response \& more positive outcomes.},
	urldate = {2017-08-03},
	file = {Snapshot:/home/afyousef/.zotero/zotero/x015z4v7.default/zotero/storage/C4DQUZHQ/www.simulyze.com.html:text/html}
}

@misc{noauthor_usrp_nodate,
	title = {{USRP} {E}310 {Embedded} {Software} {Defined} {Radio} ({SDR}) - {Ettus} {Research}},
	url = {https://www.ettus.com/product/details/E310-KIT},
	urldate = {2017-05-25},
	keywords = {E310, USRP},
	file = {USRP E310 Embedded Software Defined Radio (SDR) - Ettus Research:/Users/Bowen/Library/Application Support/Zotero/Profiles/18w8ww0f.default/zotero/storage/GWE5GHSP/E310-KIT.html:text/html}
}

@online{gipson_nasa_2017,
	title = {{NASA} Completes its Latest Drone Traffic Management Flight Campaign},
	url = {http://www.nasa.gov/aero/nasa-completes-latest-drone-traffic-management-flight-campaign},
	abstract = {{NASA} and its partners are wrapping up tests of the most recent version of its Unmanned Aircraft Systems ({UAS}) Traffic Management ({UTM}) technologies with live, remotely operated aircraft, or drones, at six sites around the country.},
	titleaddon = {{NASA}},
	type = {Text},
	author = {Gipson, Lillian},
	urldate = {2017-08-03},
	date = {2017-06-08},
	file = {Snapshot:/home/afyousef/.zotero/zotero/x015z4v7.default/zotero/storage/MDTXNEGG/nasa-completes-latest-drone-traffic-management-flight-campaign.html:text/html}
}

@online{stephen_home_????,
	title = {Home},
	url = {https://www.airmap.com},
	abstract = {{AirMap} is making drones part of everyday life by building the airspace services platform to power millions of drones making billions of flights.},
	titleaddon = {{AirMap}},
	author = {{stephen}},
	urldate = {2017-08-03},
	file = {Snapshot:/home/afyousef/.zotero/zotero/x015z4v7.default/zotero/storage/USTSNM2G/www.airmap.com.html:text/html}
}
% Optional fields: volume/number, series, address, edition, month, note
@BOOK{sdr,
	author = {Markus Dillinger, Kambiz Madani, Nancy Alonistioti},
	title = {Software Defined Radio: Architectures, Systems and Functions},
	publisher = {Wiley \& Sons},
	year = {2003}
}

@misc{usrp,
	title = {Ettus Reseach - The leader in Software Defined Radio (SDR)},
	url = {http://www.ettus.com},
	urldate = {2017-08-03},
	year = {2017},

}
@misc{noauthor_uk_2016,
	title = {{UK} gov wants prisons geoblocked by drone manufacturers},
	url = {https://thestack.com/iot/2016/11/03/uk-drones-prisons-no-fly-list/},
	abstract = {The UK's Ministry of Justice is seeking to work with manufacturers to establish prison GPS locations as 'no-fly' zones as default settings in drones.},
	urldate = {2017-08-06},
	journal = {The Stack},
	month = nov,
	year = {2016},
	file = {Snapshot:/Users/Bowen/Library/Application Support/Zotero/Profiles/18w8ww0f.default/zotero/storage/254BV4XR/uk-drones-prisons-no-fly-list.html:text/html}
}
@online{_anra_????,
	title = {{ANRA} Technologies},
	url = {http://www.anratechnologies.com/home/},
	urldate = {2017-08-03},
	file = {Snapshot:/home/afyousef/.zotero/zotero/x015z4v7.default/zotero/storage/A5IUM5VN/home.html:text/html}
}

@online{_echodyne_????,
	title = {Echodyne {\textbar} Metamaterials-Based Radar Technology},
	url = {https://echodyne.com/},
	urldate = {2017-08-03},
	file = {Snapshot:/home/afyousef/.zotero/zotero/x015z4v7.default/zotero/storage/FP98D2MD/echodyne.com.html:text/html}
}

@online{_fortem_????,
	title = {Fortem Technologies {\textbar} Modern Air Safety \& Security},
	url = {http://www.fortemtech.com/},
	urldate = {2017-08-03}
}

@online{_electrical_????,
	title = {Electrical Engineer Salary (Canada)},
	url = {http://www.payscale.com/research/CA/Job=Electrical_Engineer/Salary},
	urldate = {2017-08-03}
}

@online{_cabelas_????,
	title = {Cabela's Canada - Hunting Fishing Camping Clothing {GPS} Optics \& Outdoor Gear},
	url = {http://www.cabelas.ca/},
	urldate = {2017-08-03}
}

@online{_usrp_????,
	title = {{USRP} Software Defined Radio ({SDR}) Quick order page - Ettus Research},
	url = {https://www.ettus.com/product/quick-order},
	urldate = {2017-08-03}
}

@online{_sharp_????,
	title = {Sharp {LCD} Display Modules},
	url = {https://www.ebay.ca/b/Sharp-LCD-Display-Modules/181887/bn_17665838},
	abstract = {Shop from the world's largest selection and best deals for Sharp {LCD} Display Modules. Shop with confidence on {eBay}!},
	titleaddon = {{eBay}},
	urldate = {2017-08-03},
	file = {Snapshot:/home/afyousef/.zotero/zotero/x015z4v7.default/zotero/storage/TTMUPIKR/bn_17665838.html:text/html}
}

@online{_arduino_????,
	title = {Arduino},
	url = {https://store.arduino.cc/usa/},
	urldate = {2017-08-03}
}

@book{graham_intelligent_2005,
	title = {The intelligent investor},
	publisher = {New York: Harper Business},
	author = {Graham, B.},
	date = {2005}
}